@ARTICLE{Fasshauer13,
  author = {Fasshauer, E. and Pernpointner, M. and Gokhberg, K.},
  title = {Interatomic Decay of Inner-Valence Ionized States in ArXe Clusters:
        Relativistic Approach},
  journal = {J. Chem. Phys.},
  year = {2013},
  volume = {138},
  pages = {014305},
  owner = {elkefasshauer},
  timestamp = {2012.10.23}
}

@BOOK{SakuraiModern94,
  title = {Modern Quantum Mechanics},
  publisher = {Addison-Wesley},
  year = {1994},
  editor = {Tuan, S. F.},
  author = {Sakurai, J. J.},
  edition = {Rev.},
  owner = {elke},
  timestamp = {2012.10.31}
}

@BOOK{Mortimer2003,
  title = {Chemie},
  publisher = {Thieme, Stuttgart},
  year = {2003},
  author = {Mortimer, C. and Müller, U.},
  edition = {8., komplett überarbeitete Auflage},
  pages = {331 -- 345}
}


@BOOK{Brueckner2004,
  title = {Reaktionsmechanismen},
  publisher = {Spektrum Akademischer Verlag},
  year = {2004},
  author = {Brückner, R.},
  edition = {3. Auflage},
  pages = {13}
}

@BOOK{Fliessbach2007,
  title = {Statistische Physik, Lehrbuch zur Theoretischen Physik IV},
  publisher = {Spektrum Akademischer Verlag},
  year = {2007},
  author = {Fließbach, T.},
  edition = {4. Auflage},
  pages = {66 -- 75}
}

@BOOK{Sykes1988,
  title = {Reaktionsmechanismus der Organischen Chemie},
  publisher = {Wiley-VCH},
  year = {1988},
  author = {Sykes, P.},
  edition = {9. überarbeitete Auflage}
}

@ARTICLE{ChiuZ06,
  author = {Schüth, F.},
  journal = {Chemie in unserer Zeit},
  volume = 40,
  number = 2,
  year = {2006},
  pages = {81-151},
  publisher = { Wiley-VCH},
  pages = {92 -- 103}
}

@BOOK{Beyer2004,
  title = {Lehrbuch der Organischen Chemie},
  publisher = {Hirzel},
  year = {2004},
  author = {Beyer, H. and Walter, W. and Francke, W.},
  edition = {24. überarbeitete Auflage}
}

@misc{elektro,
	title = {Elektrocyclische Reaktion},
	url = {http://www.chemgapedia.de/vsengine/media/vsc/de/ch/16/oc/cavoc/elektrocyc_reaktion/grafik/wood_hoff_4.gif},
  howpublished = {http://www.chemgapedia.de/vsengine/media/ vsc/de/ch/16/oc/cavoc/elektrocycreaktion/ grafik/wood\_hoff\_4.gif}
}

@misc{orbi,
	title = {Grenzorbital},
	url  = {http://www.chemgapedia.de/vsengine/media/vsc/de/ch/16/oc/cavoc/elektrocyc\_reaktion/grafik/korr\_kon.gif},
	howpublished = \url{http://www.chemgapedia.de/vsengine/media/vsc/de/ch/16/oc/cavoc/elektrocyc\_reaktion/grafik/korr\_kon.gif}
}

@BOOK{norman,
  title = {Periodicy of the s- and p-block elements},
  publisher = {Oxford Chemistry Primers},
  year = {1997},
  author = {N. Norman}
}

@BOOK{barrow,
  title = {Physikalsche Chemie, Band 2},
  publisher = {Bohmann Verlag},
  year = {1974},
  author = {G. M. Barrow}
}

@BOOK{riedel,
  title = {Anorganische Chemie},
  publisher = {de Gruyter},
  year = {2007},
  authors = {Erwin Riedel, Christoph Janiak}
}

@MISC{mo_schema,
	title = {Molek\"ulorbitaltheorie},
	howpublished = {http://de.wikipedia.org/wiki/Molekülorbitaltheorie},
	url = {http://de.wikipedia.org/wiki/Molekülorbitaltheorie}
}

@MISC{aufbauprinzip,
	title = {Aufbauprinzip},
	howpublished = {http://de.wikipedia.org/wiki/Aufbauprinzip},
	url = {http://de.wikipedia.org/wiki/Aufbauprinzip}
}

@BOOK{FarbeA,
  title = {Kompaktwissen Abitur Chemie. Organische Stoffklassen, Natur-, Kunst- und Farbstoffe},
  year = {2005},
  author = {Kiefer, G.},
 publisher = {Stark Verlagsgesellschaft},
}

@BOOK{FarbeB,
  title = {Organische Chemie und Einführung in die Biochemie},
  year = {1976},
  author = {Krieger, F. and Braun, M. and Häusler, K.},
 publisher = {BLV, Bayerischer Landwirtschaftsverlag},
 }

@BOOK{FarbeC,
  title = {Organische Chemie},
  year = {2013},
  author = {Clayden, J. and Greeves, N. and Warren, S.},
 publisher = {Springer Spektrum},
 }

@BOOK{FarbeD,
  title = {Lehrbuch der organischen Chemie},
  year = {2004},
  author = {Walter, W. and Beyer, H.},
 publisher = {Hirzel},
 }

@BOOK{FarbeE,
  title = {Elemente Chemie 2},
  year = {2000},
  author = {Eisner, W.},
 publisher = {Kett},
 }

@BOOK{FarbeF,
  title = {Linder Biologie},
  year = {1983},
  author = {Bayrhuber, H. and Linder, H. and Kull, U.},
 publisher = {Schroedel Verlag GmbH},
 }

@BOOK{FarbeG,
  title = {Organische Chemie macchiato, Cartoonkurs für Schüler und Studenten},
  year = {2012},
  author = {Haim, K. and Müller, K.},
 publisher = {Pearson Studium},
 }


@ARTICLE{Olefin,
  author = {Schuster, Blechart},
  title = {Die Olefinmetathese},
  journal = {Chemie in unserer Zeit},
  year = {2001},
}

@MISC{Nobelpreis,
  author = {Various Artist},
  title = {Development of the metathesis method in organic synthesis},
	url = {http://www.nobelprize.org/nobel\_prizes/chemistry/laureates/2005/advanced-chemistryprize2005.pdf},
	howpublished = {http://www.nobelprize.org/nobel\_prizes/chemistry/laureates/2005/advanced-chemistryprize2005.pdf},
}

@misc{Metathese,
title = {Portal für Organische Chemie},		
author = {Various Artist},
url = {http://www.organische-chemie.ch/OC/Namen/Olefinmetathese.htm},
howpublished = {http://www.organische-chemie.ch/OC/Namen/Olefinmetathese.htm}
}

@BOOK{Reinhold,
  title = {Quantentheorie der Moleküle},
  author = {J. Reinhold},
  publisher = {Springer},
  edition = 4,
  year = {2012}
}


@BOOK{SchroedelPhysik,
  title = {Physik Oberstufe. Gesamtband.},
  author = {Diehl, B. and Erb, R. and Lindner, K. and Schmalhofer, C. and
            Schön, L.-H. and Tillmans P. and Winter, R.},
  year = {2008},
  publisher = {Cornelsen}
}

@ONLINE{PotentialWells,
title = {Abbildung des Energiediagramms für das Teilchen im Kasten},
month = sep,
year = {2014},
url = {http://upload.wikimedia.org/wikipedia/commons/thumb/2/27/Infinite_potential_well.svg/275px-Infinite_potential_well.svg.png}
}

@ONLINE{Knotenpunkte,
title = {Abbildung der Wellenfunktion},
month = sep,
year = {2014},
url = {http://upload.wikimedia.org/wikipedia/commons/thumb/b/b1/Waves_in_Box.svg/1106px-Waves_in_Box.svg.png}
}

@BOOK{Feynman,
  title = {Vorlesungen über Physik},
  volume = {3},
  year = {1991},
  editor = {Wessel, Henner},
  author = {Feynman, R.},
  publisher = {Oldenbourg Wissenschaftsverlag}
}

@misc{doppelspalt_bild,
	title = {Doppelspaltexperiment --- Elektroneninterferenz},
	url = {http://www.semibyte.de/wp/graphicslibrary/cslibrary},
  howpublished = {http://www.semibyte.de/wp/graphicslibrary/cslibrary}}
}

@BOOK{Lehrbuch_der_physikalischen_Chemie,
  title = {Modern Quantum Mechanics},
  publisher = {WILEY-VCH},
  year = {2012},
  editor = {Tuan,S. F.},
  author = {Wedler, G. and Freund, H.-J.},
}

@BOOK{Atkins2013,
  title = {Physikalische Chemie},
  publisher = {WILEY-VCH},
  year = {2013},
  editor = {Tuan, S. F.},
  author = {P. W. Atkins, P.W. and de Paula, Julio},
}

@MISC{diels,
  title = {Wikipedia},
	author = {various artists},
	url = {http://de.wikipedia.org/wiki/Diels-Alder-Reaktion},
	howpublished = {http://de.wikipedia.org/wiki/Diels-Alder-Reaktion}
}

@MISC{SN1,
  title = {Chemgapedia},
	author = {Wiley Information Services GmbH},
	url =
{http://www.chemgapedia.de/vsengine/vlu/vsc/de/ch/12/oc/vlu\_organik/substitution/sn\_1/sn\_1.vlu.html},
  howpublished = {http://www.chemgapedia.de/vsengine/vlu/vsc/de/ch/12/oc/vlu\_organik/substitution/sn\_1/sn\_1.vlu.html}
}

@MISC{SN2,
  title = {Chemgapedia},
	author = {Wiley Information Services GmbH},
	url =
{http://www.chemgapedia.de/vsengine/tra/vsc/de/ch/16/oc/cavoc/cavoc\_gesamt.tra/Vlu/vsc/de/ch/16/oc/cavoc/nucleo\_subst/nucleo\_subst.vlu/Page/vsc/de/ch/16/oc/cavoc/nucleo\_subst/sn2.vscml.html},
  howpublished = {http://www.chemgapedia.de/vsengine/tra/vsc/de/ch/16/oc/cavoc/cavoc\_gesamt.tra/Vlu/vsc/de/ch/16/oc/cavoc/nucleo\_subst/nucleo\_subst.vlu/Page/vsc/de/ch/16/oc/cavoc/nucleo\_subst/sn2.vscml.html}
}

@MISC{tert,
  title = {Wikipedia},
	author = {Various Artists},
	url = {http://de.wikipedia.org/wiki/Butylbenzole},
	howpublished = {http://de.wikipedia.org/wiki/Butylbenzole}
}
@MISC{anilin,
  title = {Wikipedia},
	author = {Various Artists},
	url = {http://de.wikipedia.org/wiki/Anilin},
	howpublished = {http://de.wikipedia.org/wiki/Anilin}
}
@MISC{toluol,
  title = {Wikipedia},
	author = {Various Artists},
	url = {http://de.wikipedia.org/wiki/Toluol},
	howpublished = {http://de.wikipedia.org/wiki/Toluol}
}
@MISC{benzaldehyd,
  title = {Wikipedia},
	author = {Various Artists},
	url = {http://de.wikipedia.org/wiki/Benzaldehyd},
	howpublished = {http://de.wikipedia.org/wiki/Benzaldehyd}
}
@MISC{nitro,
  title = {Wikipedia},
	author = {Various Artists},
	url = {http://de.wikipedia.org/wiki/Nitrobenzol},
	howpublished = {http://de.wikipedia.org/wiki/Nitrobenzol}
}

@MISC{phenol,
  title = {Wikipedia},
	author = {Various Artists},
	url = {http://de.wikipedia.org/wiki/Phenol},
	howpublished = {http://de.wikipedia.org/wiki/Phenol}
}
@MISC{phenolat,
  title = {Wikipedia},
	author = {Various Artists},
	url = {http://de.wikipedia.org/wiki/Phenole\#Einfache\_\Phenole},
	howpublished =   {http://de.wikipedia.org/wiki/Phenole\#Einfache\_Phenole}
	}
@MISC{anisol,
  title = {Wikipedia},
	author = {Various Artists},
	url = {http://de.wikipedia.org/wiki/Anisol},
	howpublished = {http://de.wikipedia.org/wiki/Anisol}
}

@BOOK{Schore2000,
  title = {Organische Chemie},
  publisher = {Wiley-VCH},
  year = {2000},
  author = {Vollhardt, K. P .C. and Schore, N. E.},
  edition = {dritte Auflage},
  pages = {161 -- 183}
}

@BOOK{proteine1,
 title = {Chemie heute SII},
  publisher = {Schroedel Verlag GmbH},
  year = {2009},
  author = {Jäckel, Manfred},
 }

@BOOK{proteine2,
 title = {Stryer Biochemie},
  publisher = {Springer Spektrum},
  year = {2013},
  author = {Berg, Jeremy M.},
 }

@misc{proteine3, 
 AUTHOR       = {Various Artists},
  TITLE        = {Chemgapedia},

HOWPUBLISHED= {http://www.chemgapedia.de/proteine/aminos\_u\_einleit$/$faltblatt.vscml.html},
  URL         = {http://www.chemgapedia.de/proteine/aminos\_u\_einleit/faltblatt.vscml.html},
	}
	
	@misc{proteine4, 
 AUTHOR       = {Various Artists},
  TITLE        = {Universität Bayreuth},
HOWPUBLISHED= {http://daten.didaktikchemie.uni-bayreuth.de/umat/proteine/proteine\_strukturen.htm},
  URL         = {http://daten.didaktikchemie.uni-bayreuth.de/umat/proteine/proteine\_strukturen.htm},
	}
